@article{hwangbo-control-iros17,
  author    = {Jemin Hwangbo and
               Inkyu Sa and
               Roland Siegwart and
               Marco Hutter},
  title     = {Control of a Quadrotor With Reinforcement Learning},
  journal   = {{IEEE} Robotics and Automation Letters},
  volume    = {2},
  number    = {4},
  pages     = {2096--2103},
  year      = {2017},
  url       = {https://doi.org/10.1109/LRA.2017.2720851},
  doi       = {10.1109/LRA.2017.2720851},
  timestamp = {Wed, 09 Aug 2017 15:50:12 +0200},
  biburl    = {http://dblp.uni-trier.de/rec/bib/journals/ral/HwangboSSH17},
  bibsource = {dblp computer science bibliography, http://dblp.org}
}

@article{sadeghi-cad2rl-rss17,
  title={{CAD2RL}: Real Single-Image Flight without a Single Real Image},
  author={Sadeghi, Fereshteh and Levine, Sergey},
  booktitle={Robotics: Science and Systems(RSS)},
  year={2017}
}

@article{mueller-race-ue4-arxiv17,
  author    = {Matthias Mueller and
               Vincent Casser and
               Neil Smith and
               Dominik L. Michels and
               Bernard Ghanem},
  title     = {Teaching UAVs to Race Using UE4Sim},
  journal   = {CoRR},
  volume    = {abs/1708.05884},
  year      = {2017},
  url       = {http://arxiv.org/abs/1708.05884},
  timestamp = {Tue, 05 Sep 2017 10:03:46 +0200},
  biburl    = {http://dblp.uni-trier.de/rec/bib/journals/corr/abs-1708-05884},
  bibsource = {dblp computer science bibliography, http://dblp.org}
}

@inproceedings{zhang-mpcgps-icra16,
  author    = {Tianhao Zhang and
               Gregory Kahn and
               Sergey Levine and
               Pieter Abbeel},
  title     = {Learning deep control policies for autonomous aerial vehicles with
               MPC-guided policy search},
  booktitle = {2016 {IEEE} International Conference on Robotics and Automation, {ICRA}
               2016, Stockholm, Sweden, May 16-21, 2016},
  pages     = {528--535},
  year      = {2016},
  crossref  = {DBLP:conf/icra/2016},
  url       = {https://doi.org/10.1109/ICRA.2016.7487175},
  doi       = {10.1109/ICRA.2016.7487175},
  timestamp = {Tue, 25 Jul 2017 15:14:18 +0200},
  biburl    = {http://dblp.uni-trier.de/rec/bib/conf/icra/ZhangKLA16},
  bibsource = {dblp computer science bibliography, http://dblp.org}
}

@article{kahn-collision-avoidance-arxiv17,
  author    = {Gregory Kahn and
               Adam Villaflor and
               Vitchyr Pong and
               Pieter Abbeel and
               Sergey Levine},
  title     = {Uncertainty-Aware Reinforcement Learning for Collision Avoidance},
  journal   = {CoRR},
  volume    = {abs/1702.01182},
  year      = {2017},
  url       = {http://arxiv.org/abs/1702.01182},
  timestamp = {Wed, 01 Mar 2017 14:26:00 +0100},
  biburl    = {http://dblp.uni-trier.de/rec/bib/journals/corr/KahnVPAL17},
  bibsource = {dblp computer science bibliography, http://dblp.org}
}

@inproceedings{gal-dropout-bayesian-icml16,
  title={Dropout as a Bayesian approximation: Representing model uncertainty in deep learning},
  author={Gal, Yarin and Ghahramani, Zoubin},
  booktitle={International Conference on Machine Learning},
  pages={1050--1059},
  year={2016}
}

@inproceedings{finn-maml-icml17,
  author    = {Chelsea Finn and
               Pieter Abbeel and
               Sergey Levine},
  title     = {Model-Agnostic Meta-Learning for Fast Adaptation of Deep Networks},
  booktitle = {Proceedings of the 34th International Conference on Machine Learning,
               {ICML} 2017, Sydney, NSW, Australia, 6-11 August 2017},
  pages     = {1126--1135},
  year      = {2017},
  crossref  = {DBLP:conf/icml/2017},
  url       = {http://proceedings.mlr.press/v70/finn17a.html},
  timestamp = {Wed, 16 Aug 2017 11:08:55 +0200},
  biburl    = {http://dblp.uni-trier.de/rec/bib/conf/icml/FinnAL17},
  bibsource = {dblp computer science bibliography, http://dblp.org}
}

@misc{darpaFLA,
  title = {Smart Quadcopters Find their Way without Human Help or GPS},
  howpublished = {\url{https://www.darpa.mil/news-events/2017-06-28}},
  note = {Accessed: 2017-11-03}
}

@article{tobin-domainrand-arxiv17,
  title={Domain Randomization for Transferring Deep Neural Networks from Simulation to the Real World},
  author={Tobin, Josh and Fong, Rachel and Ray, Alex and Schneider, Jonas and Zaremba, Wojciech and Abbeel, Pieter},
  journal={arXiv preprint arXiv:1703.06907},
  year={2017}
}

@article{giusti-trail-3cat-ral16,
  author    = {Alessandro Giusti and
               Jerome Guzzi and
               Dan C. Ciresan and
               Fang{-}Lin He and
               Juan P. Rodriguez and
               Flavio Fontana and
               Matthias Faessler and
               Christian Forster and
               J{\"{u}}rgen Schmidhuber and
               Gianni Di Caro and
               Davide Scaramuzza and
               Luca Maria Gambardella},
  title     = {A Machine Learning Approach to Visual Perception of Forest Trails
               for Mobile Robots},
  journal   = {{IEEE} Robotics and Automation Letters},
  volume    = {1},
  number    = {2},
  pages     = {661--667},
  year      = {2016},
  url       = {https://doi.org/10.1109/LRA.2015.2509024},
  doi       = {10.1109/LRA.2015.2509024},
  timestamp = {Thu, 18 May 2017 09:50:55 +0200},
  biburl    = {http://dblp.org/rec/bib/journals/ral/GiustiGCHRFFFSC16},
  bibsource = {dblp computer science bibliography, http://dblp.org}
}

@article{smolyanskiy-trail-nvidia,
  author    = {Nikolai Smolyanskiy and
               Alexey Kamenev and
               Jeffrey Smith and
               Stan Birchfield},
  title     = {Toward Low-Flying Autonomous {MAV} Trail Navigation using Deep Neural
               Networks for Environmental Awareness},
  journal   = {CoRR},
  volume    = {abs/1705.02550},
  year      = {2017},
  url       = {http://arxiv.org/abs/1705.02550},
  archivePrefix = {arXiv},
  eprint    = {1705.02550},
  timestamp = {Wed, 07 Jun 2017 14:42:45 +0200},
  biburl    = {http://dblp.org/rec/bib/journals/corr/SmolyanskiyKSB17},
  bibsource = {dblp computer science bibliography, http://dblp.org}
}

@article{stadie-third-person-imitation-iclr17,
  author    = {Bradly C. Stadie and
               Pieter Abbeel and
               Ilya Sutskever},
  title     = {Third-Person Imitation Learning},
  journal   = {CoRR},
  volume    = {abs/1703.01703},
  year      = {2017},
  url       = {http://arxiv.org/abs/1703.01703},
  archivePrefix = {arXiv},
  eprint    = {1703.01703},
  timestamp = {Wed, 07 Jun 2017 14:40:15 +0200},
  biburl    = {http://dblp.org/rec/bib/journals/corr/StadieAS17},
  bibsource = {dblp computer science bibliography, http://dblp.org}
}

@article{mutual-alignment-transfer-learning,
  author    = {Markus Wulfmeier and
               Ingmar Posner and
               Pieter Abbeel},
  title     = {Mutual Alignment Transfer Learning},
  journal   = {CoRR},
  volume    = {abs/1707.07907},
  year      = {2017},
  url       = {http://arxiv.org/abs/1707.07907},
  archivePrefix = {arXiv},
  eprint    = {1707.07907},
  timestamp = {Sat, 05 Aug 2017 14:56:06 +0200},
  biburl    = {https://dblp.org/rec/bib/journals/corr/WulfmeierPA17},
  bibsource = {dblp computer science bibliography, https://dblp.org}
}

@article{yu-up-osi-rss17,
  author    = {Wenhao Yu and
               C. Karen Liu and
               Greg Turk},
  title     = {Preparing for the Unknown: Learning a Universal Policy with Online
               System Identification},
  booktitle={Robotics: Science and Systems(RSS)},
  year      = {2017},
}

@article{rajeswaran-epopt-corr16,
  author    = {Aravind Rajeswaran and
               Sarvjeet Ghotra and
               Sergey Levine and
               Balaraman Ravindran},
  title     = {EPOpt: Learning Robust Neural Network Policies Using Model Ensembles},
  journal   = {CoRR},
  volume    = {abs/1610.01283},
  year      = {2016},
  url       = {http://arxiv.org/abs/1610.01283},
  archivePrefix = {arXiv},
  eprint    = {1610.01283},
  timestamp = {Wed, 07 Jun 2017 14:42:56 +0200},
  biburl    = {https://dblp.org/rec/bib/journals/corr/RajeswaranGLR16},
  bibsource = {dblp computer science bibliography, https://dblp.org}
}

@article{antonova-pivoting-corr17,
  author    = {Rika Antonova and
               Silvia Cruciani and
               Christian Smith and
               Danica Kragic},
  title     = {Reinforcement Learning for Pivoting Task},
  journal   = {CoRR},
  volume    = {abs/1703.00472},
  year      = {2017},
  url       = {http://arxiv.org/abs/1703.00472},
  archivePrefix = {arXiv},
  eprint    = {1703.00472},
  timestamp = {Wed, 07 Jun 2017 14:42:20 +0200},
  biburl    = {https://dblp.org/rec/bib/journals/corr/AntonovaCSK17},
  bibsource = {dblp computer science bibliography, https://dblp.org}
}

@inproceedings{mordatch-ensemble-icra15,
  title={Ensemble-CIO: Full-body dynamic motion planning that transfers to physical humanoids},
  author={Mordatch, Igor and Lowrey, Kendall and Todorov, Emanuel},
  booktitle={Intelligent Robots and Systems (IROS), 2015 IEEE/RSJ International Conference on},
  pages={5307--5314},
  year={2015},
  organization={IEEE}
}

@inproceedings{bousmalis-domain-gan-cvpr17,
  author    = {Konstantinos Bousmalis and
               Nathan Silberman and
               David Dohan and
               Dumitru Erhan and
               Dilip Krishnan},
  title     = {Unsupervised Pixel-Level Domain Adaptation with Generative Adversarial
               Networks},
  booktitle = {2017 {IEEE} Conference on Computer Vision and Pattern Recognition,
               {CVPR} 2017, Honolulu, HI, USA, July 21-26, 2017},
  pages     = {95--104},
  year      = {2017},
}

@inproceedings{bousmalis-domainseparation-nips16,
  author    = {Konstantinos Bousmalis and
               George Trigeorgis and
               Nathan Silberman and
               Dilip Krishnan and
               Dumitru Erhan},
  title     = {Domain Separation Networks},
  booktitle = {{NIPS}},
  pages     = {343--351},
  year      = {2016}
}

@article{christiano-deep-inverse-dynamics-corr16,
  author    = {Paul F. Christiano and
               Zain Shah and
               Igor Mordatch and
               Jonas Schneider and
               Trevor Blackwell and
               Joshua Tobin and
               Pieter Abbeel and
               Wojciech Zaremba},
  title     = {Transfer from Simulation to Real World through Learning Deep Inverse
               Dynamics Model},
  journal   = {CoRR},
  volume    = {abs/1610.03518},
  year      = {2016}
}

@article{peng-dynamics-randomization-corr17,
  author    = {Xue Bin Peng and
               Marcin Andrychowicz and
               Wojciech Zaremba and
               Pieter Abbeel},
  title     = {Sim-to-Real Transfer of Robotic Control with Dynamics Randomization},
  journal   = {CoRR},
  volume    = {abs/1710.06537},
  year      = {2017}
}

@inproceedings{schulman-TRPO-icml15,
  author    = {John Schulman and
               Sergey Levine and
               Pieter Abbeel and
               Michael I. Jordan and
               Philipp Moritz},
  title     = {Trust Region Policy Optimization},
  booktitle = {{ICML}},
  series    = {{JMLR} Workshop and Conference Proceedings},
  volume    = {37},
  pages     = {1889--1897},
  publisher = {JMLR.org},
  year      = {2015}
}
